@book{wohlers,
  title={Wohlers Report 2012: Additive Manufacturing and Three Dimensional Printing State of the Industry Annual},
  author={Wohlers, T.T. and Wohlers Associates, Inc},
  isbn={9780975442975},
  url={http://wohlersassociates.com/2012report.htm},
  year={2012},
  publisher={Wohlers Associates}
}
@online{DIYScanning,
author={Kyle McDonald},
title={Structured Light 3D Scanning},
day={29},
month={December},
year={2009},
url={http://www.instructables.com/id/Structured-Light-3D-Scanning/step2/Theory-Three-Phase-Scanning/},
}

@online{sensorData,
author={Gina Roos},
title={CMOS Image Sensors Continue to Advance},
urldate={2013-05-08},
url={http://www.digikey.com/us/en/techzone/sensors/resources/articles/CMOS-Image-Sensors-Continue-to-Advance.html}
}

@inproceedings{StructuredLight,
   author = {Douglas Lanman and Gabriel Taubin},
   title = {Build Your Own 3D Scanner: 3D Photograhy for Beginners},
   booktitle = {SIGGRAPH '09: ACM SIGGRAPH 2009 courses},
   year = {2009},
   pages = {1--87},
   location = {New Orleans, LA USA},
   publisher = {ACM},
   address = {New York, NY, USA},
}

@online{nextengine,
title={NextEngine 3D Laser Scanner},
urldate={2013-05-08},
url={http://www.nextengine.com/products}
}

@online{artec,
title={Artec Eva - Buy 3D Scanner - Artec 3D Scanners},
urldate={2013-05-08},
url={http://www.artec3d.com/3d_scanners_for_professionals/artec-eva/buy/}
}

@online{arc,
title={3D Laser Scanning Market Expected to Double in Size by 2015},
urldate={2013-05-08},
day={25},
month={July},
year={2011},
url={http://www.arcweb.com/press-center/2011-07-25/3d-laser-scanning-market-expected-to-double-in-size-by-2015.aspx}
}

@techreport{frost,
title={Analysis of the Global Optical Digitizer and Scanner Market: Need for Greater Accuracy and Speed Drives Demand},
author={Prathima Bommakanti},
institution={Frost \& Sullivan},
year={2012},
month={September}
}

@online{123d,
title={Autodesk 123D - 123D Catch turn photos into 3D models},
url={http://www.123dapp.com/catch},
urldate={2013-05-08}
}

@online{kinectfusion,
title={Kinect Fusion},
url={http://msdn.microsoft.com/en-us/library/dn188670.aspx},
urldate={2013-05-08}
}

@online{cadscan,
title={Desktop 3D Scanner by CADScan â€” Kickstarter},
url={http://www.kickstarter.com/projects/621838643/desktop-3d-scanner},
urldate={2013-05-08}
}

@online{digitizer,
title={MakerBot Digitizer},
url={http://store.makerbot.com/digitizer.html},
urldate={2013-05-08}
}

@online{photon,
title={The Matterform 3D Scanner | Indiegogo},
url={http://www.indiegogo.com/projects/the-matterform-3d-scanner},
urldate={2013-8-05}
}

